<?xml version="1.0" encoding="UTF-8"?><record xmlns="http://www.loc.gov/MARC21/slim" xmlns:cinclude="http://apache.org/cocoon/include/1.0" xmlns:zs="http://www.loc.gov/zing/srw/">
  <leader>00893cz  a2200181n  4500</leader>
  <controlfield tag="001">n  85150220 </controlfield>
  <controlfield tag="003">DLC</controlfield>
  <controlfield tag="005">19900912151318.5</controlfield>
  <controlfield tag="008">861002n| acannaab|          |a aaa |||  </controlfield>
  <datafield tag="010" ind1=" " ind2=" ">
    <subfield code="a">n  85150220 </subfield>
    <subfield code="z">n  83219647 </subfield>
    <subfield code="z">n  87821657 </subfield>
  </datafield>
  <datafield tag="040" ind1=" " ind2=" ">
    <subfield code="a">DLC</subfield>
    <subfield code="c">DLC</subfield>
    <subfield code="d">DLC</subfield>
  </datafield>
  <datafield tag="100" ind1="1" ind2="0">
    <subfield code="a">Popkin, Michael,</subfield>
    <subfield code="d">1950-</subfield>
  </datafield>
  <datafield tag="400" ind1="1" ind2="0">
    <subfield code="a">Popkin, Michael H.</subfield>
    <subfield code="q">(Michael Harlan),</subfield>
    <subfield code="d">1950-</subfield>
  </datafield>
  <datafield tag="400" ind1="1" ind2="0">
    <subfield code="a">Popkin, Michael Harlan,</subfield>
    <subfield code="d">1950-</subfield>
  </datafield>
  <datafield tag="670" ind1=" " ind2=" ">
    <subfield code="a">His Active parenting, 1987:</subfield>
    <subfield code="b">CIP t.p. (Michael Popkin) publ. info. (Ph. D.; developer and pres. of Active Parenting, Inc.; lives in Atlanta, GA)</subfield>
  </datafield>
  <datafield tag="670" ind1=" " ind2=" ">
    <subfield code="a">Ph. call to publ., 9-30-86</subfield>
    <subfield code="b">(Michael H. Popkin, b. 4/13/50)</subfield>
  </datafield>
  <datafield tag="670" ind1=" " ind2=" ">
    <subfield code="a">His So why aren't you perfect yet for $4.95?, c1983:</subfield>
    <subfield code="b">t.p. (Michael H. Popkin, Ph. D.)</subfield>
  </datafield>
  <datafield tag="670" ind1=" " ind2=" ">
    <subfield code="a">nuc87-30100: His The construction and initial validation of ... 1980</subfield>
    <subfield code="b">(hdg. on GASU rept.: Popkin, Michael Harlan, 1950- ; usage: Michael Harlan Popkin)</subfield>
  </datafield>
</record>